%YAML 1.1
%TAG !u! tag:unity3d.com,2011:
--- !u!29 &1
OcclusionCullingSettings:
  m_ObjectHideFlags: 0
  serializedVersion: 2
  m_OcclusionBakeSettings:
    smallestOccluder: 5
    smallestHole: 0.25
    backfaceThreshold: 100
  m_SceneGUID: 00000000000000000000000000000000
  m_OcclusionCullingData: {fileID: 0}
--- !u!104 &2
RenderSettings:
  m_ObjectHideFlags: 0
  serializedVersion: 8
  m_Fog: 0
  m_FogColor: {r: 0.5, g: 0.5, b: 0.5, a: 1}
  m_FogMode: 3
  m_FogDensity: 0.01
  m_LinearFogStart: 0
  m_LinearFogEnd: 300
  m_AmbientSkyColor: {r: 0.212, g: 0.227, b: 0.259, a: 1}
  m_AmbientEquatorColor: {r: 0.114, g: 0.125, b: 0.133, a: 1}
  m_AmbientGroundColor: {r: 0.047, g: 0.043, b: 0.035, a: 1}
  m_AmbientIntensity: 1
  m_AmbientMode: 0
  m_SubtractiveShadowColor: {r: 0.42, g: 0.478, b: 0.627, a: 1}
  m_SkyboxMaterial: {fileID: 10304, guid: 0000000000000000f000000000000000, type: 0}
  m_HaloStrength: 0.5
  m_FlareStrength: 1
  m_FlareFadeSpeed: 3
  m_HaloTexture: {fileID: 0}
  m_SpotCookie: {fileID: 10001, guid: 0000000000000000e000000000000000, type: 0}
  m_DefaultReflectionMode: 0
  m_DefaultReflectionResolution: 128
  m_ReflectionBounces: 1
  m_ReflectionIntensity: 1
  m_CustomReflection: {fileID: 0}
  m_Sun: {fileID: 0}
  m_IndirectSpecularColor: {r: 0.6752798, g: 0.32297894, b: 0.11817053, a: 1}
--- !u!157 &3
LightmapSettings:
  m_ObjectHideFlags: 0
  serializedVersion: 11
  m_GIWorkflowMode: 1
  m_GISettings:
    serializedVersion: 2
    m_BounceScale: 1
    m_IndirectOutputScale: 1
    m_AlbedoBoost: 1
    m_TemporalCoherenceThreshold: 1
    m_EnvironmentLightingMode: 0
    m_EnableBakedLightmaps: 1
    m_EnableRealtimeLightmaps: 1
  m_LightmapEditorSettings:
    serializedVersion: 9
    m_Resolution: 2
    m_BakeResolution: 40
    m_TextureWidth: 1024
    m_TextureHeight: 1024
    m_AO: 0
    m_AOMaxDistance: 1
    m_CompAOExponent: 1
    m_CompAOExponentDirect: 0
    m_Padding: 2
    m_LightmapParameters: {fileID: 0}
    m_LightmapsBakeMode: 1
    m_TextureCompression: 1
    m_FinalGather: 0
    m_FinalGatherFiltering: 1
    m_FinalGatherRayCount: 256
    m_ReflectionCompression: 2
    m_MixedBakeMode: 2
    m_BakeBackend: 0
    m_PVRSampling: 1
    m_PVRDirectSampleCount: 32
    m_PVRSampleCount: 500
    m_PVRBounces: 2
    m_PVRFiltering: 0
    m_PVRFilteringMode: 1
    m_PVRCulling: 1
    m_PVRFilteringGaussRadiusDirect: 1
    m_PVRFilteringGaussRadiusIndirect: 5
    m_PVRFilteringGaussRadiusAO: 2
    m_PVRFilteringAtrousColorSigma: 1
    m_PVRFilteringAtrousNormalSigma: 1
    m_PVRFilteringAtrousPositionSigma: 1
  m_LightingDataAsset: {fileID: 112000008, guid: 5d4e5dd65f02c124f9b977d1a1a10749,
    type: 2}
  m_UseShadowmask: 1
--- !u!196 &4
NavMeshSettings:
  serializedVersion: 2
  m_ObjectHideFlags: 0
  m_BuildSettings:
    serializedVersion: 2
    agentTypeID: 0
    agentRadius: 0.5
    agentHeight: 2
    agentSlope: 45
    agentClimb: 0.4
    ledgeDropHeight: 0
    maxJumpAcrossDistance: 0
    minRegionArea: 2
    manualCellSize: 0
    cellSize: 0.16666667
    manualTileSize: 0
    tileSize: 256
    accuratePlacement: 0
  m_NavMeshData: {fileID: 0}
--- !u!1001 &17105426
Prefab:
  m_ObjectHideFlags: 0
  serializedVersion: 2
  m_Modification:
    m_TransformParent: {fileID: 0}
    m_Modifications:
    - target: {fileID: 400000, guid: e8797a9523770b2408e51bfe07dfc7d9, type: 3}
      propertyPath: m_LocalPosition.x
      value: -5.4579334
      objectReference: {fileID: 0}
    - target: {fileID: 400000, guid: e8797a9523770b2408e51bfe07dfc7d9, type: 3}
      propertyPath: m_LocalPosition.y
      value: 10.2
      objectReference: {fileID: 0}
    - target: {fileID: 400000, guid: e8797a9523770b2408e51bfe07dfc7d9, type: 3}
      propertyPath: m_LocalPosition.z
      value: 22.09888
      objectReference: {fileID: 0}
    - target: {fileID: 400000, guid: e8797a9523770b2408e51bfe07dfc7d9, type: 3}
      propertyPath: m_LocalRotation.x
      value: -0.53955513
      objectReference: {fileID: 0}
    - target: {fileID: 400000, guid: e8797a9523770b2408e51bfe07dfc7d9, type: 3}
      propertyPath: m_LocalRotation.y
      value: -0.45703426
      objectReference: {fileID: 0}
    - target: {fileID: 400000, guid: e8797a9523770b2408e51bfe07dfc7d9, type: 3}
      propertyPath: m_LocalRotation.z
      value: -0.45703426
      objectReference: {fileID: 0}
    - target: {fileID: 400000, guid: e8797a9523770b2408e51bfe07dfc7d9, type: 3}
      propertyPath: m_LocalRotation.w
      value: 0.53955513
      objectReference: {fileID: 0}
    - target: {fileID: 400000, guid: e8797a9523770b2408e51bfe07dfc7d9, type: 3}
      propertyPath: m_RootOrder
      value: 13
      objectReference: {fileID: 0}
    - target: {fileID: 2300000, guid: e8797a9523770b2408e51bfe07dfc7d9, type: 3}
      propertyPath: m_Materials.Array.data[0]
      value: 
      objectReference: {fileID: 2100000, guid: f21961ef3dffef44b829ecc0e5b34238, type: 2}
    - target: {fileID: 400000, guid: e8797a9523770b2408e51bfe07dfc7d9, type: 3}
      propertyPath: m_LocalEulerAnglesHint.x
      value: -90.00001
      objectReference: {fileID: 0}
    - target: {fileID: 400000, guid: e8797a9523770b2408e51bfe07dfc7d9, type: 3}
      propertyPath: m_LocalEulerAnglesHint.z
      value: -80.533005
      objectReference: {fileID: 0}
    - target: {fileID: 100000, guid: e8797a9523770b2408e51bfe07dfc7d9, type: 3}
      propertyPath: m_Layer
      value: 14
      objectReference: {fileID: 0}
    - target: {fileID: 2300000, guid: e8797a9523770b2408e51bfe07dfc7d9, type: 3}
      propertyPath: m_CastShadows
      value: 2
      objectReference: {fileID: 0}
    - target: {fileID: 3300000, guid: e8797a9523770b2408e51bfe07dfc7d9, type: 3}
      propertyPath: m_Mesh
      value: 
      objectReference: {fileID: 4300000, guid: 06670b96acde4724abb79d4e6608a8da, type: 3}
    - target: {fileID: 100000, guid: e8797a9523770b2408e51bfe07dfc7d9, type: 3}
      propertyPath: m_Name
      value: building _03 (1)
      objectReference: {fileID: 0}
    - target: {fileID: 100000, guid: e8797a9523770b2408e51bfe07dfc7d9, type: 3}
      propertyPath: m_StaticEditorFlags
      value: 4294967294
      objectReference: {fileID: 0}
    - target: {fileID: 100000, guid: e8797a9523770b2408e51bfe07dfc7d9, type: 3}
      propertyPath: m_IsActive
      value: 1
      objectReference: {fileID: 0}
    m_RemovedComponents: []
  m_ParentPrefab: {fileID: 100100000, guid: e8797a9523770b2408e51bfe07dfc7d9, type: 3}
  m_IsPrefabParent: 0
--- !u!1001 &123274627
Prefab:
  m_ObjectHideFlags: 0
  serializedVersion: 2
  m_Modification:
    m_TransformParent: {fileID: 0}
    m_Modifications:
    - target: {fileID: 400000, guid: 80349ef45e434c84984ad6ead2cef934, type: 3}
      propertyPath: m_LocalPosition.x
      value: -14.125035
      objectReference: {fileID: 0}
    - target: {fileID: 400000, guid: 80349ef45e434c84984ad6ead2cef934, type: 3}
      propertyPath: m_LocalPosition.y
      value: 10.33
      objectReference: {fileID: 0}
    - target: {fileID: 400000, guid: 80349ef45e434c84984ad6ead2cef934, type: 3}
      propertyPath: m_LocalPosition.z
      value: 9.93
      objectReference: {fileID: 0}
    - target: {fileID: 400000, guid: 80349ef45e434c84984ad6ead2cef934, type: 3}
      propertyPath: m_LocalRotation.x
      value: -0.025692014
      objectReference: {fileID: 0}
    - target: {fileID: 400000, guid: 80349ef45e434c84984ad6ead2cef934, type: 3}
      propertyPath: m_LocalRotation.y
      value: -0.7066399
      objectReference: {fileID: 0}
    - target: {fileID: 400000, guid: 80349ef45e434c84984ad6ead2cef934, type: 3}
      propertyPath: m_LocalRotation.z
      value: -0.7066399
      objectReference: {fileID: 0}
    - target: {fileID: 400000, guid: 80349ef45e434c84984ad6ead2cef934, type: 3}
      propertyPath: m_LocalRotation.w
      value: 0.025692014
      objectReference: {fileID: 0}
    - target: {fileID: 400000, guid: 80349ef45e434c84984ad6ead2cef934, type: 3}
      propertyPath: m_RootOrder
      value: 9
      objectReference: {fileID: 0}
    - target: {fileID: 400000, guid: 80349ef45e434c84984ad6ead2cef934, type: 3}
      propertyPath: m_LocalEulerAnglesHint.x
      value: -90.00001
      objectReference: {fileID: 0}
    - target: {fileID: 400000, guid: 80349ef45e434c84984ad6ead2cef934, type: 3}
      propertyPath: m_LocalEulerAnglesHint.z
      value: -175.83601
      objectReference: {fileID: 0}
    - target: {fileID: 2300000, guid: 80349ef45e434c84984ad6ead2cef934, type: 3}
      propertyPath: m_Materials.Array.data[0]
      value: 
      objectReference: {fileID: 2100000, guid: f21961ef3dffef44b829ecc0e5b34238, type: 2}
    - target: {fileID: 100000, guid: 80349ef45e434c84984ad6ead2cef934, type: 3}
      propertyPath: m_Name
      value: building _02 (1)
      objectReference: {fileID: 0}
    - target: {fileID: 2300000, guid: 80349ef45e434c84984ad6ead2cef934, type: 3}
      propertyPath: m_CastShadows
      value: 2
      objectReference: {fileID: 0}
    - target: {fileID: 3300000, guid: 80349ef45e434c84984ad6ead2cef934, type: 3}
      propertyPath: m_Mesh
      value: 
      objectReference: {fileID: 4300000, guid: b6585aae41cc1da489b169c68ed6b497, type: 3}
    - target: {fileID: 100000, guid: 80349ef45e434c84984ad6ead2cef934, type: 3}
      propertyPath: m_StaticEditorFlags
      value: 4294967294
      objectReference: {fileID: 0}
    - target: {fileID: 100000, guid: 80349ef45e434c84984ad6ead2cef934, type: 3}
      propertyPath: m_IsActive
      value: 1
      objectReference: {fileID: 0}
    m_RemovedComponents: []
  m_ParentPrefab: {fileID: 100100000, guid: 80349ef45e434c84984ad6ead2cef934, type: 3}
  m_IsPrefabParent: 0
--- !u!1 &310682636
GameObject:
  m_ObjectHideFlags: 0
  m_PrefabParentObject: {fileID: 0}
  m_PrefabInternal: {fileID: 0}
  serializedVersion: 5
  m_Component:
  - component: {fileID: 310682640}
  - component: {fileID: 310682639}
  - component: {fileID: 310682637}
  m_Layer: 14
  m_Name: Plane (2)
  m_TagString: Untagged
  m_Icon: {fileID: 0}
  m_NavMeshLayer: 0
  m_StaticEditorFlags: 0
  m_IsActive: 1
--- !u!23 &310682637
MeshRenderer:
  m_ObjectHideFlags: 0
  m_PrefabParentObject: {fileID: 0}
  m_PrefabInternal: {fileID: 0}
  m_GameObject: {fileID: 310682636}
  m_Enabled: 1
  m_CastShadows: 1
  m_ReceiveShadows: 1
  m_MotionVectors: 1
  m_LightProbeUsage: 1
  m_ReflectionProbeUsage: 1
  m_Materials:
  - {fileID: 2100000, guid: 1c24394455dbc8a4eb51d4ddbe891b33, type: 2}
  m_StaticBatchInfo:
    firstSubMesh: 0
    subMeshCount: 0
  m_StaticBatchRoot: {fileID: 0}
  m_ProbeAnchor: {fileID: 0}
  m_LightProbeVolumeOverride: {fileID: 0}
  m_ScaleInLightmap: 1
  m_PreserveUVs: 1
  m_IgnoreNormalsForChartDetection: 0
  m_ImportantGI: 0
  m_SelectedEditorRenderState: 3
  m_MinimumChartSize: 4
  m_AutoUVMaxDistance: 0.5
  m_AutoUVMaxAngle: 89
  m_LightmapParameters: {fileID: 0}
  m_SortingLayerID: 0
  m_SortingLayer: 0
  m_SortingOrder: 0
--- !u!33 &310682639
MeshFilter:
  m_ObjectHideFlags: 0
  m_PrefabParentObject: {fileID: 0}
  m_PrefabInternal: {fileID: 0}
  m_GameObject: {fileID: 310682636}
  m_Mesh: {fileID: 10209, guid: 0000000000000000e000000000000000, type: 0}
--- !u!4 &310682640
Transform:
  m_ObjectHideFlags: 0
  m_PrefabParentObject: {fileID: 0}
  m_PrefabInternal: {fileID: 0}
  m_GameObject: {fileID: 310682636}
  m_LocalRotation: {x: 0, y: 0, z: 0, w: 1}
  m_LocalPosition: {x: 0, y: -3e-15, z: 100}
  m_LocalScale: {x: 10, y: 10, z: 10}
  m_Children: []
  m_Father: {fileID: 0}
  m_RootOrder: 2
  m_LocalEulerAnglesHint: {x: 0, y: 0, z: 0}
--- !u!1001 &375126652
Prefab:
  m_ObjectHideFlags: 0
  serializedVersion: 2
  m_Modification:
    m_TransformParent: {fileID: 0}
    m_Modifications:
    - target: {fileID: 400000, guid: e8797a9523770b2408e51bfe07dfc7d9, type: 3}
      propertyPath: m_LocalPosition.x
      value: -32.82568
      objectReference: {fileID: 0}
    - target: {fileID: 400000, guid: e8797a9523770b2408e51bfe07dfc7d9, type: 3}
      propertyPath: m_LocalPosition.y
      value: 10.2
      objectReference: {fileID: 0}
    - target: {fileID: 400000, guid: e8797a9523770b2408e51bfe07dfc7d9, type: 3}
      propertyPath: m_LocalPosition.z
      value: -4.355697
      objectReference: {fileID: 0}
    - target: {fileID: 400000, guid: e8797a9523770b2408e51bfe07dfc7d9, type: 3}
      propertyPath: m_LocalRotation.x
      value: 0.38083616
      objectReference: {fileID: 0}
    - target: {fileID: 400000, guid: e8797a9523770b2408e51bfe07dfc7d9, type: 3}
      propertyPath: m_LocalRotation.y
      value: -0.5957884
      objectReference: {fileID: 0}
    - target: {fileID: 400000, guid: e8797a9523770b2408e51bfe07dfc7d9, type: 3}
      propertyPath: m_LocalRotation.z
      value: -0.5957884
      objectReference: {fileID: 0}
    - target: {fileID: 400000, guid: e8797a9523770b2408e51bfe07dfc7d9, type: 3}
      propertyPath: m_LocalRotation.w
      value: -0.38083616
      objectReference: {fileID: 0}
    - target: {fileID: 400000, guid: e8797a9523770b2408e51bfe07dfc7d9, type: 3}
      propertyPath: m_RootOrder
      value: 7
      objectReference: {fileID: 0}
    - target: {fileID: 2300000, guid: e8797a9523770b2408e51bfe07dfc7d9, type: 3}
      propertyPath: m_Materials.Array.data[0]
      value: 
      objectReference: {fileID: 2100000, guid: f21961ef3dffef44b829ecc0e5b34238, type: 2}
    - target: {fileID: 400000, guid: e8797a9523770b2408e51bfe07dfc7d9, type: 3}
      propertyPath: m_LocalEulerAnglesHint.x
      value: -90.00001
      objectReference: {fileID: 0}
    - target: {fileID: 400000, guid: e8797a9523770b2408e51bfe07dfc7d9, type: 3}
      propertyPath: m_LocalEulerAnglesHint.z
      value: -245.17499
      objectReference: {fileID: 0}
    - target: {fileID: 100000, guid: e8797a9523770b2408e51bfe07dfc7d9, type: 3}
      propertyPath: m_Layer
      value: 14
      objectReference: {fileID: 0}
    - target: {fileID: 2300000, guid: e8797a9523770b2408e51bfe07dfc7d9, type: 3}
      propertyPath: m_CastShadows
      value: 2
      objectReference: {fileID: 0}
    - target: {fileID: 3300000, guid: e8797a9523770b2408e51bfe07dfc7d9, type: 3}
      propertyPath: m_Mesh
      value: 
      objectReference: {fileID: 4300000, guid: 06670b96acde4724abb79d4e6608a8da, type: 3}
    - target: {fileID: 100000, guid: e8797a9523770b2408e51bfe07dfc7d9, type: 3}
      propertyPath: m_StaticEditorFlags
      value: 4294967294
      objectReference: {fileID: 0}
    - target: {fileID: 100000, guid: e8797a9523770b2408e51bfe07dfc7d9, type: 3}
      propertyPath: m_IsActive
      value: 1
      objectReference: {fileID: 0}
    m_RemovedComponents: []
  m_ParentPrefab: {fileID: 100100000, guid: e8797a9523770b2408e51bfe07dfc7d9, type: 3}
  m_IsPrefabParent: 0
--- !u!1 &524581083
GameObject:
  m_ObjectHideFlags: 0
  m_PrefabParentObject: {fileID: 0}
  m_PrefabInternal: {fileID: 0}
  serializedVersion: 5
  m_Component:
  - component: {fileID: 524581087}
  - component: {fileID: 524581086}
  - component: {fileID: 524581084}
  m_Layer: 14
  m_Name: Plane (3)
  m_TagString: Untagged
  m_Icon: {fileID: 0}
  m_NavMeshLayer: 0
  m_StaticEditorFlags: 0
  m_IsActive: 1
--- !u!23 &524581084
MeshRenderer:
  m_ObjectHideFlags: 0
  m_PrefabParentObject: {fileID: 0}
  m_PrefabInternal: {fileID: 0}
  m_GameObject: {fileID: 524581083}
  m_Enabled: 1
  m_CastShadows: 1
  m_ReceiveShadows: 1
  m_MotionVectors: 1
  m_LightProbeUsage: 1
  m_ReflectionProbeUsage: 1
  m_Materials:
  - {fileID: 2100000, guid: 1c24394455dbc8a4eb51d4ddbe891b33, type: 2}
  m_StaticBatchInfo:
    firstSubMesh: 0
    subMeshCount: 0
  m_StaticBatchRoot: {fileID: 0}
  m_ProbeAnchor: {fileID: 0}
  m_LightProbeVolumeOverride: {fileID: 0}
  m_ScaleInLightmap: 1
  m_PreserveUVs: 1
  m_IgnoreNormalsForChartDetection: 0
  m_ImportantGI: 0
  m_SelectedEditorRenderState: 3
  m_MinimumChartSize: 4
  m_AutoUVMaxDistance: 0.5
  m_AutoUVMaxAngle: 89
  m_LightmapParameters: {fileID: 0}
  m_SortingLayerID: 0
  m_SortingLayer: 0
  m_SortingOrder: 0
--- !u!33 &524581086
MeshFilter:
  m_ObjectHideFlags: 0
  m_PrefabParentObject: {fileID: 0}
  m_PrefabInternal: {fileID: 0}
  m_GameObject: {fileID: 524581083}
  m_Mesh: {fileID: 10209, guid: 0000000000000000e000000000000000, type: 0}
--- !u!4 &524581087
Transform:
  m_ObjectHideFlags: 0
  m_PrefabParentObject: {fileID: 0}
  m_PrefabInternal: {fileID: 0}
  m_GameObject: {fileID: 524581083}
  m_LocalRotation: {x: 0, y: 0, z: 0, w: 1}
  m_LocalPosition: {x: -100, y: -3e-15, z: 100}
  m_LocalScale: {x: 10, y: 10, z: 10}
  m_Children: []
  m_Father: {fileID: 0}
  m_RootOrder: 3
  m_LocalEulerAnglesHint: {x: 0, y: 0, z: 0}
--- !u!1001 &898003128
Prefab:
  m_ObjectHideFlags: 0
  serializedVersion: 2
  m_Modification:
    m_TransformParent: {fileID: 0}
    m_Modifications:
    - target: {fileID: 400000, guid: 80349ef45e434c84984ad6ead2cef934, type: 3}
      propertyPath: m_LocalPosition.x
      value: -2.795761
      objectReference: {fileID: 0}
    - target: {fileID: 400000, guid: 80349ef45e434c84984ad6ead2cef934, type: 3}
      propertyPath: m_LocalPosition.y
      value: 0
      objectReference: {fileID: 0}
    - target: {fileID: 400000, guid: 80349ef45e434c84984ad6ead2cef934, type: 3}
      propertyPath: m_LocalPosition.z
      value: -22.247013
      objectReference: {fileID: 0}
    - target: {fileID: 400000, guid: 80349ef45e434c84984ad6ead2cef934, type: 3}
      propertyPath: m_LocalRotation.x
      value: -0.24188867
      objectReference: {fileID: 0}
    - target: {fileID: 400000, guid: 80349ef45e434c84984ad6ead2cef934, type: 3}
      propertyPath: m_LocalRotation.y
      value: -0.66444707
      objectReference: {fileID: 0}
    - target: {fileID: 400000, guid: 80349ef45e434c84984ad6ead2cef934, type: 3}
      propertyPath: m_LocalRotation.z
      value: -0.66444707
      objectReference: {fileID: 0}
    - target: {fileID: 400000, guid: 80349ef45e434c84984ad6ead2cef934, type: 3}
      propertyPath: m_LocalRotation.w
      value: 0.24188867
      objectReference: {fileID: 0}
    - target: {fileID: 400000, guid: 80349ef45e434c84984ad6ead2cef934, type: 3}
      propertyPath: m_RootOrder
      value: 8
      objectReference: {fileID: 0}
    - target: {fileID: 400000, guid: 80349ef45e434c84984ad6ead2cef934, type: 3}
      propertyPath: m_LocalEulerAnglesHint.x
      value: -90.00001
      objectReference: {fileID: 0}
    - target: {fileID: 400000, guid: 80349ef45e434c84984ad6ead2cef934, type: 3}
      propertyPath: m_LocalEulerAnglesHint.z
      value: -139.992
      objectReference: {fileID: 0}
    - target: {fileID: 2300000, guid: 80349ef45e434c84984ad6ead2cef934, type: 3}
      propertyPath: m_Materials.Array.data[0]
      value: 
      objectReference: {fileID: 2100000, guid: f21961ef3dffef44b829ecc0e5b34238, type: 2}
    - target: {fileID: 2300000, guid: 80349ef45e434c84984ad6ead2cef934, type: 3}
      propertyPath: m_CastShadows
      value: 2
      objectReference: {fileID: 0}
    - target: {fileID: 3300000, guid: 80349ef45e434c84984ad6ead2cef934, type: 3}
      propertyPath: m_Mesh
      value: 
      objectReference: {fileID: 4300000, guid: cb0be4e91db73204e8648c9b218d513b, type: 3}
    - target: {fileID: 100000, guid: 80349ef45e434c84984ad6ead2cef934, type: 3}
      propertyPath: m_StaticEditorFlags
      value: 4294967294
      objectReference: {fileID: 0}
    - target: {fileID: 100000, guid: 80349ef45e434c84984ad6ead2cef934, type: 3}
      propertyPath: m_IsActive
      value: 1
      objectReference: {fileID: 0}
    m_RemovedComponents: []
  m_ParentPrefab: {fileID: 100100000, guid: 80349ef45e434c84984ad6ead2cef934, type: 3}
  m_IsPrefabParent: 0
--- !u!1001 &1196150254
Prefab:
  m_ObjectHideFlags: 0
  serializedVersion: 2
  m_Modification:
    m_TransformParent: {fileID: 0}
    m_Modifications:
    - target: {fileID: 400000, guid: 4fa54de129c9cc4489d195cb613eafa0, type: 3}
      propertyPath: m_LocalPosition.x
      value: -26.99336
      objectReference: {fileID: 0}
    - target: {fileID: 400000, guid: 4fa54de129c9cc4489d195cb613eafa0, type: 3}
      propertyPath: m_LocalPosition.y
      value: 10.29
      objectReference: {fileID: 0}
    - target: {fileID: 400000, guid: 4fa54de129c9cc4489d195cb613eafa0, type: 3}
      propertyPath: m_LocalPosition.z
      value: 21.908188
      objectReference: {fileID: 0}
    - target: {fileID: 400000, guid: 4fa54de129c9cc4489d195cb613eafa0, type: 3}
      propertyPath: m_LocalRotation.x
      value: 0.6573734
      objectReference: {fileID: 0}
    - target: {fileID: 400000, guid: 4fa54de129c9cc4489d195cb613eafa0, type: 3}
      propertyPath: m_LocalRotation.y
      value: 0.26049986
      objectReference: {fileID: 0}
    - target: {fileID: 400000, guid: 4fa54de129c9cc4489d195cb613eafa0, type: 3}
      propertyPath: m_LocalRotation.z
      value: 0.26049986
      objectReference: {fileID: 0}
    - target: {fileID: 400000, guid: 4fa54de129c9cc4489d195cb613eafa0, type: 3}
      propertyPath: m_LocalRotation.w
      value: -0.6573734
      objectReference: {fileID: 0}
    - target: {fileID: 400000, guid: 4fa54de129c9cc4489d195cb613eafa0, type: 3}
      propertyPath: m_RootOrder
      value: 10
      objectReference: {fileID: 0}
    - target: {fileID: 400000, guid: 4fa54de129c9cc4489d195cb613eafa0, type: 3}
      propertyPath: m_LocalEulerAnglesHint.x
      value: -90.00001
      objectReference: {fileID: 0}
    - target: {fileID: 400000, guid: 4fa54de129c9cc4489d195cb613eafa0, type: 3}
      propertyPath: m_LocalEulerAnglesHint.z
      value: 316.766
      objectReference: {fileID: 0}
    - target: {fileID: 2300000, guid: 4fa54de129c9cc4489d195cb613eafa0, type: 3}
      propertyPath: m_Materials.Array.data[0]
      value: 
      objectReference: {fileID: 2100000, guid: f21961ef3dffef44b829ecc0e5b34238, type: 2}
    - target: {fileID: 100000, guid: 4fa54de129c9cc4489d195cb613eafa0, type: 3}
      propertyPath: m_Layer
      value: 14
      objectReference: {fileID: 0}
    - target: {fileID: 100000, guid: 4fa54de129c9cc4489d195cb613eafa0, type: 3}
      propertyPath: m_Name
      value: building _01 (1)
      objectReference: {fileID: 0}
    - target: {fileID: 400000, guid: 4fa54de129c9cc4489d195cb613eafa0, type: 3}
      propertyPath: m_LocalScale.y
      value: 0.88395756
      objectReference: {fileID: 0}
    - target: {fileID: 2300000, guid: 4fa54de129c9cc4489d195cb613eafa0, type: 3}
      propertyPath: m_CastShadows
      value: 2
      objectReference: {fileID: 0}
    - target: {fileID: 3300000, guid: 4fa54de129c9cc4489d195cb613eafa0, type: 3}
      propertyPath: m_Mesh
      value: 
      objectReference: {fileID: 4300000, guid: c0baaf70f6d5aa342b00f0747e92dd78, type: 3}
    - target: {fileID: 100000, guid: 4fa54de129c9cc4489d195cb613eafa0, type: 3}
      propertyPath: m_StaticEditorFlags
      value: 4294967294
      objectReference: {fileID: 0}
    - target: {fileID: 100000, guid: 4fa54de129c9cc4489d195cb613eafa0, type: 3}
      propertyPath: m_IsActive
      value: 1
      objectReference: {fileID: 0}
    m_RemovedComponents: []
  m_ParentPrefab: {fileID: 100100000, guid: 4fa54de129c9cc4489d195cb613eafa0, type: 3}
  m_IsPrefabParent: 0
--- !u!1001 &1271013604
Prefab:
  m_ObjectHideFlags: 0
  serializedVersion: 2
  m_Modification:
    m_TransformParent: {fileID: 0}
    m_Modifications:
    - target: {fileID: 400000, guid: 4fa54de129c9cc4489d195cb613eafa0, type: 3}
      propertyPath: m_LocalPosition.x
      value: -18.215
      objectReference: {fileID: 0}
    - target: {fileID: 400000, guid: 4fa54de129c9cc4489d195cb613eafa0, type: 3}
      propertyPath: m_LocalPosition.y
      value: 10.29
      objectReference: {fileID: 0}
    - target: {fileID: 400000, guid: 4fa54de129c9cc4489d195cb613eafa0, type: 3}
      propertyPath: m_LocalPosition.z
      value: -12.270049
      objectReference: {fileID: 0}
    - target: {fileID: 400000, guid: 4fa54de129c9cc4489d195cb613eafa0, type: 3}
      propertyPath: m_LocalRotation.x
      value: -0.42656144
      objectReference: {fileID: 0}
    - target: {fileID: 400000, guid: 4fa54de129c9cc4489d195cb613eafa0, type: 3}
      propertyPath: m_LocalRotation.y
      value: 0.5639551
      objectReference: {fileID: 0}
    - target: {fileID: 400000, guid: 4fa54de129c9cc4489d195cb613eafa0, type: 3}
      propertyPath: m_LocalRotation.z
      value: 0.5639551
      objectReference: {fileID: 0}
    - target: {fileID: 400000, guid: 4fa54de129c9cc4489d195cb613eafa0, type: 3}
      propertyPath: m_LocalRotation.w
      value: 0.42656144
      objectReference: {fileID: 0}
    - target: {fileID: 400000, guid: 4fa54de129c9cc4489d195cb613eafa0, type: 3}
      propertyPath: m_RootOrder
      value: 6
      objectReference: {fileID: 0}
    - target: {fileID: 400000, guid: 4fa54de129c9cc4489d195cb613eafa0, type: 3}
      propertyPath: m_LocalEulerAnglesHint.x
      value: -90.00001
      objectReference: {fileID: 0}
    - target: {fileID: 400000, guid: 4fa54de129c9cc4489d195cb613eafa0, type: 3}
      propertyPath: m_LocalEulerAnglesHint.z
      value: 105.79401
      objectReference: {fileID: 0}
    - target: {fileID: 2300000, guid: 4fa54de129c9cc4489d195cb613eafa0, type: 3}
      propertyPath: m_Materials.Array.data[0]
      value: 
      objectReference: {fileID: 2100000, guid: f21961ef3dffef44b829ecc0e5b34238, type: 2}
    - target: {fileID: 100000, guid: 4fa54de129c9cc4489d195cb613eafa0, type: 3}
      propertyPath: m_Layer
      value: 14
      objectReference: {fileID: 0}
    - target: {fileID: 2300000, guid: 4fa54de129c9cc4489d195cb613eafa0, type: 3}
      propertyPath: m_CastShadows
      value: 2
      objectReference: {fileID: 0}
    - target: {fileID: 100000, guid: 4fa54de129c9cc4489d195cb613eafa0, type: 3}
      propertyPath: m_StaticEditorFlags
      value: 4294967294
      objectReference: {fileID: 0}
    - target: {fileID: 3300000, guid: 4fa54de129c9cc4489d195cb613eafa0, type: 3}
      propertyPath: m_Mesh
      value: 
      objectReference: {fileID: 4300000, guid: c0baaf70f6d5aa342b00f0747e92dd78, type: 3}
    - target: {fileID: 100000, guid: 4fa54de129c9cc4489d195cb613eafa0, type: 3}
      propertyPath: m_IsActive
      value: 1
      objectReference: {fileID: 0}
    m_RemovedComponents: []
  m_ParentPrefab: {fileID: 100100000, guid: 4fa54de129c9cc4489d195cb613eafa0, type: 3}
  m_IsPrefabParent: 0
--- !u!1001 &1362145622
Prefab:
  m_ObjectHideFlags: 0
  serializedVersion: 2
  m_Modification:
    m_TransformParent: {fileID: 0}
    m_Modifications:
    - target: {fileID: 400000, guid: 80349ef45e434c84984ad6ead2cef934, type: 3}
      propertyPath: m_LocalPosition.x
      value: -44.938698
      objectReference: {fileID: 0}
    - target: {fileID: 400000, guid: 80349ef45e434c84984ad6ead2cef934, type: 3}
      propertyPath: m_LocalPosition.y
      value: 0
      objectReference: {fileID: 0}
    - target: {fileID: 400000, guid: 80349ef45e434c84984ad6ead2cef934, type: 3}
      propertyPath: m_LocalPosition.z
      value: 21.042507
      objectReference: {fileID: 0}
    - target: {fileID: 400000, guid: 80349ef45e434c84984ad6ead2cef934, type: 3}
      propertyPath: m_LocalRotation.x
      value: -0.011909603
      objectReference: {fileID: 0}
    - target: {fileID: 400000, guid: 80349ef45e434c84984ad6ead2cef934, type: 3}
      propertyPath: m_LocalRotation.y
      value: -0.7070065
      objectReference: {fileID: 0}
    - target: {fileID: 400000, guid: 80349ef45e434c84984ad6ead2cef934, type: 3}
      propertyPath: m_LocalRotation.z
      value: -0.7070065
      objectReference: {fileID: 0}
    - target: {fileID: 400000, guid: 80349ef45e434c84984ad6ead2cef934, type: 3}
      propertyPath: m_LocalRotation.w
      value: 0.011909603
      objectReference: {fileID: 0}
    - target: {fileID: 400000, guid: 80349ef45e434c84984ad6ead2cef934, type: 3}
      propertyPath: m_RootOrder
      value: 12
      objectReference: {fileID: 0}
    - target: {fileID: 400000, guid: 80349ef45e434c84984ad6ead2cef934, type: 3}
      propertyPath: m_LocalEulerAnglesHint.x
      value: -90.00001
      objectReference: {fileID: 0}
    - target: {fileID: 400000, guid: 80349ef45e434c84984ad6ead2cef934, type: 3}
      propertyPath: m_LocalEulerAnglesHint.z
      value: -178.07
      objectReference: {fileID: 0}
    - target: {fileID: 2300000, guid: 80349ef45e434c84984ad6ead2cef934, type: 3}
      propertyPath: m_Materials.Array.data[0]
      value: 
      objectReference: {fileID: 2100000, guid: f21961ef3dffef44b829ecc0e5b34238, type: 2}
    - target: {fileID: 100000, guid: 80349ef45e434c84984ad6ead2cef934, type: 3}
      propertyPath: m_Name
      value: building _02 (2)
      objectReference: {fileID: 0}
    - target: {fileID: 2300000, guid: 80349ef45e434c84984ad6ead2cef934, type: 3}
      propertyPath: m_CastShadows
      value: 2
      objectReference: {fileID: 0}
    - target: {fileID: 3300000, guid: 80349ef45e434c84984ad6ead2cef934, type: 3}
      propertyPath: m_Mesh
      value: 
      objectReference: {fileID: 4300000, guid: cb0be4e91db73204e8648c9b218d513b, type: 3}
    - target: {fileID: 100000, guid: 80349ef45e434c84984ad6ead2cef934, type: 3}
      propertyPath: m_StaticEditorFlags
      value: 4294967294
      objectReference: {fileID: 0}
    - target: {fileID: 100000, guid: 80349ef45e434c84984ad6ead2cef934, type: 3}
      propertyPath: m_IsActive
      value: 1
      objectReference: {fileID: 0}
    m_RemovedComponents: []
  m_ParentPrefab: {fileID: 100100000, guid: 80349ef45e434c84984ad6ead2cef934, type: 3}
  m_IsPrefabParent: 0
--- !u!1 &1595196117
GameObject:
  m_ObjectHideFlags: 0
  m_PrefabParentObject: {fileID: 0}
  m_PrefabInternal: {fileID: 0}
  serializedVersion: 5
  m_Component:
  - component: {fileID: 1595196121}
  - component: {fileID: 1595196120}
  - component: {fileID: 1595196118}
  m_Layer: 14
  m_Name: Plane (1)
  m_TagString: Untagged
  m_Icon: {fileID: 0}
  m_NavMeshLayer: 0
  m_StaticEditorFlags: 0
  m_IsActive: 1
--- !u!23 &1595196118
MeshRenderer:
  m_ObjectHideFlags: 0
  m_PrefabParentObject: {fileID: 0}
  m_PrefabInternal: {fileID: 0}
  m_GameObject: {fileID: 1595196117}
  m_Enabled: 1
  m_CastShadows: 1
  m_ReceiveShadows: 1
  m_MotionVectors: 1
  m_LightProbeUsage: 1
  m_ReflectionProbeUsage: 1
  m_Materials:
  - {fileID: 2100000, guid: 1c24394455dbc8a4eb51d4ddbe891b33, type: 2}
  m_StaticBatchInfo:
    firstSubMesh: 0
    subMeshCount: 0
  m_StaticBatchRoot: {fileID: 0}
  m_ProbeAnchor: {fileID: 0}
  m_LightProbeVolumeOverride: {fileID: 0}
  m_ScaleInLightmap: 1
  m_PreserveUVs: 1
  m_IgnoreNormalsForChartDetection: 0
  m_ImportantGI: 0
  m_SelectedEditorRenderState: 3
  m_MinimumChartSize: 4
  m_AutoUVMaxDistance: 0.5
  m_AutoUVMaxAngle: 89
  m_LightmapParameters: {fileID: 0}
  m_SortingLayerID: 0
  m_SortingLayer: 0
  m_SortingOrder: 0
--- !u!33 &1595196120
MeshFilter:
  m_ObjectHideFlags: 0
  m_PrefabParentObject: {fileID: 0}
  m_PrefabInternal: {fileID: 0}
  m_GameObject: {fileID: 1595196117}
  m_Mesh: {fileID: 10209, guid: 0000000000000000e000000000000000, type: 0}
--- !u!4 &1595196121
Transform:
  m_ObjectHideFlags: 0
  m_PrefabParentObject: {fileID: 0}
  m_PrefabInternal: {fileID: 0}
  m_GameObject: {fileID: 1595196117}
  m_LocalRotation: {x: 0, y: 0, z: 0, w: 1}
  m_LocalPosition: {x: -100, y: 0, z: 0}
  m_LocalScale: {x: 10, y: 10, z: 10}
  m_Children: []
  m_Father: {fileID: 0}
  m_RootOrder: 1
  m_LocalEulerAnglesHint: {x: 0, y: 0, z: 0}
--- !u!1 &1721101302
GameObject:
  m_ObjectHideFlags: 0
  m_PrefabParentObject: {fileID: 0}
  m_PrefabInternal: {fileID: 0}
  serializedVersion: 5
  m_Component:
  - component: {fileID: 1721101306}
  - component: {fileID: 1721101305}
  - component: {fileID: 1721101303}
  m_Layer: 14
  m_Name: Plane
  m_TagString: Untagged
  m_Icon: {fileID: 0}
  m_NavMeshLayer: 0
  m_StaticEditorFlags: 0
  m_IsActive: 1
--- !u!23 &1721101303
MeshRenderer:
  m_ObjectHideFlags: 0
  m_PrefabParentObject: {fileID: 0}
  m_PrefabInternal: {fileID: 0}
  m_GameObject: {fileID: 1721101302}
  m_Enabled: 1
  m_CastShadows: 1
  m_ReceiveShadows: 1
  m_MotionVectors: 1
  m_LightProbeUsage: 1
  m_ReflectionProbeUsage: 1
  m_Materials:
  - {fileID: 2100000, guid: 1c24394455dbc8a4eb51d4ddbe891b33, type: 2}
  m_StaticBatchInfo:
    firstSubMesh: 0
    subMeshCount: 0
  m_StaticBatchRoot: {fileID: 0}
  m_ProbeAnchor: {fileID: 0}
  m_LightProbeVolumeOverride: {fileID: 0}
  m_ScaleInLightmap: 1
  m_PreserveUVs: 1
  m_IgnoreNormalsForChartDetection: 0
  m_ImportantGI: 0
  m_SelectedEditorRenderState: 3
  m_MinimumChartSize: 4
  m_AutoUVMaxDistance: 0.5
  m_AutoUVMaxAngle: 89
  m_LightmapParameters: {fileID: 0}
  m_SortingLayerID: 0
  m_SortingLayer: 0
  m_SortingOrder: 0
--- !u!33 &1721101305
MeshFilter:
  m_ObjectHideFlags: 0
  m_PrefabParentObject: {fileID: 0}
  m_PrefabInternal: {fileID: 0}
  m_GameObject: {fileID: 1721101302}
  m_Mesh: {fileID: 10209, guid: 0000000000000000e000000000000000, type: 0}
--- !u!4 &1721101306
Transform:
  m_ObjectHideFlags: 0
  m_PrefabParentObject: {fileID: 0}
  m_PrefabInternal: {fileID: 0}
  m_GameObject: {fileID: 1721101302}
  m_LocalRotation: {x: 0, y: 0, z: 0, w: 1}
  m_LocalPosition: {x: 0, y: 0, z: 0}
  m_LocalScale: {x: 10, y: 10, z: 10}
  m_Children: []
  m_Father: {fileID: 0}
  m_RootOrder: 0
  m_LocalEulerAnglesHint: {x: 0, y: 0, z: 0}
--- !u!1 &1727946136
GameObject:
  m_ObjectHideFlags: 0
  m_PrefabParentObject: {fileID: 0}
  m_PrefabInternal: {fileID: 0}
  serializedVersion: 5
  m_Component:
  - component: {fileID: 1727946140}
  - component: {fileID: 1727946139}
  - component: {fileID: 1727946137}
  m_Layer: 14
  m_Name: Plane (5)
  m_TagString: Untagged
  m_Icon: {fileID: 0}
  m_NavMeshLayer: 0
  m_StaticEditorFlags: 0
  m_IsActive: 1
--- !u!23 &1727946137
MeshRenderer:
  m_ObjectHideFlags: 0
  m_PrefabParentObject: {fileID: 0}
  m_PrefabInternal: {fileID: 0}
  m_GameObject: {fileID: 1727946136}
  m_Enabled: 1
  m_CastShadows: 1
  m_ReceiveShadows: 1
  m_MotionVectors: 1
  m_LightProbeUsage: 1
  m_ReflectionProbeUsage: 1
  m_Materials:
  - {fileID: 2100000, guid: 1c24394455dbc8a4eb51d4ddbe891b33, type: 2}
  m_StaticBatchInfo:
    firstSubMesh: 0
    subMeshCount: 0
  m_StaticBatchRoot: {fileID: 0}
  m_ProbeAnchor: {fileID: 0}
  m_LightProbeVolumeOverride: {fileID: 0}
  m_ScaleInLightmap: 1
  m_PreserveUVs: 1
  m_IgnoreNormalsForChartDetection: 0
  m_ImportantGI: 0
  m_SelectedEditorRenderState: 3
  m_MinimumChartSize: 4
  m_AutoUVMaxDistance: 0.5
  m_AutoUVMaxAngle: 89
  m_LightmapParameters: {fileID: 0}
  m_SortingLayerID: 0
  m_SortingLayer: 0
  m_SortingOrder: 0
--- !u!33 &1727946139
MeshFilter:
  m_ObjectHideFlags: 0
  m_PrefabParentObject: {fileID: 0}
  m_PrefabInternal: {fileID: 0}
  m_GameObject: {fileID: 1727946136}
  m_Mesh: {fileID: 10209, guid: 0000000000000000e000000000000000, type: 0}
--- !u!4 &1727946140
Transform:
  m_ObjectHideFlags: 0
  m_PrefabParentObject: {fileID: 0}
  m_PrefabInternal: {fileID: 0}
  m_GameObject: {fileID: 1727946136}
  m_LocalRotation: {x: 0, y: 0, z: 0, w: 1}
  m_LocalPosition: {x: -100, y: 3e-15, z: -100}
  m_LocalScale: {x: 10, y: 10, z: 10}
  m_Children: []
  m_Father: {fileID: 0}
  m_RootOrder: 5
  m_LocalEulerAnglesHint: {x: 0, y: 0, z: 0}
--- !u!1 &1926895518
GameObject:
  m_ObjectHideFlags: 0
  m_PrefabParentObject: {fileID: 0}
  m_PrefabInternal: {fileID: 0}
  serializedVersion: 5
  m_Component:
  - component: {fileID: 1926895522}
  - component: {fileID: 1926895521}
  - component: {fileID: 1926895519}
  m_Layer: 14
  m_Name: Plane (4)
  m_TagString: Untagged
  m_Icon: {fileID: 0}
  m_NavMeshLayer: 0
  m_StaticEditorFlags: 0
  m_IsActive: 1
--- !u!23 &1926895519
MeshRenderer:
  m_ObjectHideFlags: 0
  m_PrefabParentObject: {fileID: 0}
  m_PrefabInternal: {fileID: 0}
  m_GameObject: {fileID: 1926895518}
  m_Enabled: 1
  m_CastShadows: 1
  m_ReceiveShadows: 1
  m_MotionVectors: 1
  m_LightProbeUsage: 1
  m_ReflectionProbeUsage: 1
  m_Materials:
  - {fileID: 2100000, guid: 1c24394455dbc8a4eb51d4ddbe891b33, type: 2}
  m_StaticBatchInfo:
    firstSubMesh: 0
    subMeshCount: 0
  m_StaticBatchRoot: {fileID: 0}
  m_ProbeAnchor: {fileID: 0}
  m_LightProbeVolumeOverride: {fileID: 0}
  m_ScaleInLightmap: 1
  m_PreserveUVs: 1
  m_IgnoreNormalsForChartDetection: 0
  m_ImportantGI: 0
  m_SelectedEditorRenderState: 3
  m_MinimumChartSize: 4
  m_AutoUVMaxDistance: 0.5
  m_AutoUVMaxAngle: 89
  m_LightmapParameters: {fileID: 0}
  m_SortingLayerID: 0
  m_SortingLayer: 0
  m_SortingOrder: 0
--- !u!33 &1926895521
MeshFilter:
  m_ObjectHideFlags: 0
  m_PrefabParentObject: {fileID: 0}
  m_PrefabInternal: {fileID: 0}
  m_GameObject: {fileID: 1926895518}
  m_Mesh: {fileID: 10209, guid: 0000000000000000e000000000000000, type: 0}
--- !u!4 &1926895522
Transform:
  m_ObjectHideFlags: 0
  m_PrefabParentObject: {fileID: 0}
  m_PrefabInternal: {fileID: 0}
  m_GameObject: {fileID: 1926895518}
  m_LocalRotation: {x: 0, y: 0, z: 0, w: 1}
  m_LocalPosition: {x: 0, y: 3e-15, z: -100}
  m_LocalScale: {x: 10, y: 10, z: 10}
  m_Children: []
  m_Father: {fileID: 0}
  m_RootOrder: 4
  m_LocalEulerAnglesHint: {x: 0, y: 0, z: 0}
--- !u!1001 &2019554126
Prefab:
  m_ObjectHideFlags: 0
  serializedVersion: 2
  m_Modification:
    m_TransformParent: {fileID: 0}
    m_Modifications:
    - target: {fileID: 400000, guid: 4fa54de129c9cc4489d195cb613eafa0, type: 3}
      propertyPath: m_LocalPosition.x
      value: -45.843853
      objectReference: {fileID: 0}
    - target: {fileID: 400000, guid: 4fa54de129c9cc4489d195cb613eafa0, type: 3}
      propertyPath: m_LocalPosition.y
      value: 8.88
      objectReference: {fileID: 0}
    - target: {fileID: 400000, guid: 4fa54de129c9cc4489d195cb613eafa0, type: 3}
      propertyPath: m_LocalPosition.z
      value: 4.364398
      objectReference: {fileID: 0}
    - target: {fileID: 400000, guid: 4fa54de129c9cc4489d195cb613eafa0, type: 3}
      propertyPath: m_LocalRotation.x
      value: -0.59359974
      objectReference: {fileID: 0}
    - target: {fileID: 400000, guid: 4fa54de129c9cc4489d195cb613eafa0, type: 3}
      propertyPath: m_LocalRotation.y
      value: 0.38423866
      objectReference: {fileID: 0}
    - target: {fileID: 400000, guid: 4fa54de129c9cc4489d195cb613eafa0, type: 3}
      propertyPath: m_LocalRotation.z
      value: 0.38423866
      objectReference: {fileID: 0}
    - target: {fileID: 400000, guid: 4fa54de129c9cc4489d195cb613eafa0, type: 3}
      propertyPath: m_LocalRotation.w
      value: 0.59359974
      objectReference: {fileID: 0}
    - target: {fileID: 400000, guid: 4fa54de129c9cc4489d195cb613eafa0, type: 3}
      propertyPath: m_RootOrder
      value: 11
      objectReference: {fileID: 0}
    - target: {fileID: 400000, guid: 4fa54de129c9cc4489d195cb613eafa0, type: 3}
      propertyPath: m_LocalEulerAnglesHint.x
      value: -90.00001
      objectReference: {fileID: 0}
    - target: {fileID: 400000, guid: 4fa54de129c9cc4489d195cb613eafa0, type: 3}
      propertyPath: m_LocalEulerAnglesHint.z
      value: 65.83
      objectReference: {fileID: 0}
    - target: {fileID: 2300000, guid: 4fa54de129c9cc4489d195cb613eafa0, type: 3}
      propertyPath: m_Materials.Array.data[0]
      value: 
      objectReference: {fileID: 2100000, guid: f21961ef3dffef44b829ecc0e5b34238, type: 2}
    - target: {fileID: 100000, guid: 4fa54de129c9cc4489d195cb613eafa0, type: 3}
      propertyPath: m_Layer
      value: 14
      objectReference: {fileID: 0}
    - target: {fileID: 100000, guid: 4fa54de129c9cc4489d195cb613eafa0, type: 3}
      propertyPath: m_Name
      value: building _01 (2)
      objectReference: {fileID: 0}
    - target: {fileID: 2300000, guid: 4fa54de129c9cc4489d195cb613eafa0, type: 3}
      propertyPath: m_CastShadows
      value: 2
      objectReference: {fileID: 0}
    - target: {fileID: 3300000, guid: 4fa54de129c9cc4489d195cb613eafa0, type: 3}
      propertyPath: m_Mesh
      value: 
      objectReference: {fileID: 4300000, guid: c0baaf70f6d5aa342b00f0747e92dd78, type: 3}
    - target: {fileID: 100000, guid: 4fa54de129c9cc4489d195cb613eafa0, type: 3}
      propertyPath: m_StaticEditorFlags
      value: 4294967294
      objectReference: {fileID: 0}
    - target: {fileID: 400000, guid: 4fa54de129c9cc4489d195cb613eafa0, type: 3}
      propertyPath: m_LocalScale.z
      value: 0.873311
      objectReference: {fileID: 0}
    - target: {fileID: 100000, guid: 4fa54de129c9cc4489d195cb613eafa0, type: 3}
      propertyPath: m_IsActive
      value: 1
      objectReference: {fileID: 0}
    m_RemovedComponents: []
  m_ParentPrefab: {fileID: 100100000, guid: 4fa54de129c9cc4489d195cb613eafa0, type: 3}
  m_IsPrefabParent: 0
